<record><leader>00000cas a2200000 a 4500</leader><controlfield tag="001">38900998</controlfield><controlfield tag="008">980406c19919999vtuwr ne      0    0eng c</controlfield><datafield ind1=" " ind2=" " tag="010"><subfield code="a">sn 98060041 </subfield></datafield><datafield ind1=" " ind2=" " tag="040"><subfield code="a">NVN</subfield><subfield code="b">eng</subfield><subfield code="c">NVN</subfield><subfield code="d">OCL</subfield><subfield code="d">OCLCQ</subfield></datafield><datafield ind1=" " ind2=" " tag="042"><subfield code="a">pcc</subfield></datafield><datafield ind1=" " ind2=" " tag="043"><subfield code="a">n-us-vt</subfield></datafield><datafield ind1="0" ind2="4" tag="245"><subfield code="a">The Deerfield Valley news.</subfield></datafield><datafield ind1=" " ind2=" " tag="260"><subfield code="a">West Dover, Vt. :</subfield><subfield code="b">Vermont Media Pub. Co.</subfield></datafield><datafield ind1=" " ind2=" " tag="300"><subfield code="a">v.</subfield></datafield><datafield ind1=" " ind2=" " tag="310"><subfield code="a">Weekly</subfield></datafield><datafield ind1="0" ind2=" " tag="362"><subfield code="a">Vol. 1, no. 1 (Feb. 8, 1991)-</subfield></datafield><datafield ind1=" " ind2="4" tag="651"><subfield code="a">West Dover (Vt.)</subfield><subfield code="v">Newspapers.</subfield></datafield><datafield ind1=" " ind2=" " tag="752"><subfield code="a">United States</subfield><subfield code="b">Vermont</subfield><subfield code="c">Windham</subfield><subfield code="d">West Dover.</subfield></datafield><datafield ind1="0" ind2="0" tag="780"><subfield code="t">Southern Vermont Valley news</subfield><subfield code="w">(OCoLC)38277510</subfield></datafield><datafield ind1="1" ind2=" " tag="029"><subfield code="a">AU@</subfield><subfield code="b">000013903916</subfield></datafield></record>